@article{B1,
    author  = " Georgios N. Yannakakis, Member, IEEE, and Julian Togelius, Member, IEEE",
    title   = "A Panorama of Artificial and Computational Intelligence in Games",

}

@article{B2,
    author  = " G. S. Hornby and J. B. Pollack",
    title   = "The advantages of generative grammatical encodings for physical design",
    year    = "2001",
    journal = "",
    volume  = "",
    number  = "",
    pages   = ""
}

@article{B3,
    author  = " Ashlock, D., Lee, C., McGuinness,C.",
    title   = "Search based procedural generation of maze-like levels",
    year    = "2011",
    journal = "",
    volume  = "",
    number  = "",
    pages   = ""
}

@article{B4,
    author  = " Browne, C., Maire, F",
    title   = "Evolutionary game design. IEEE Transactions on Computational Intelligence in AI and Games",
    year    = "2010",
    journal = "",
    volume  = "",
    number  = "",
    pages   = ""
}

@article{B5,
    author  = "  Bucci, A., Pollack, J.B",
    title   = "On identifying global optima in cooperative coevolution.",
    year    = "2005",
    journal = "",
    volume  = "",
    number  = "",
    pages   = ""
}

@article{B6,
    author  = "  Cardamone, L., Yannakakis, G.N., Togelius, J., Lanzi, P.L",
    title   = "Evolving Interesting Maps for a First Person Shooter.",
    year    = "2011",
    journal = "",
    volume  = "",
    number  = "",
    pages   = ""
}

@article{B7,
    author  = "  Noor Shaker, Gillian Smith and Georgios N. Yannakakis",
    title   = "Evaluating content generators.",
    year    = "",
    journal = "",
    volume  = "",
    number  = "",
    pages   = ""
}

@article{B8,
    author  = " Michael Cook, Simon Colton and Jeremy Gow",
    title   = "Initial Results from Co-operative Co-evolution for Automated Platformer Design.",
    year    = "",
    journal = "",
    volume  = "",
    number  = "",
    pages   = ""
}


@article{B9,
    author  = " Jordi Llinares Pellicer, Juan Vicente Martínez Pérez y Arturo Candela Moltó",
    title   = "GRÁFICOS A LA MÁXIMA POTENCIA: UNA COMPARATIVA ENTRE MOTORES DE JUEGOS",
    year    = "2012",
    journal = "3ciencias",
    volume  = "",
    number  = "",
    pages   = ""
}

@book{B10,
    author  = " JASON GREGORY",
    title   = "GAME ENGINE ARCHITECTURE"
}


@book{B11,
    author  = " IAN MILLINGTON",
    title   = "GAME PHYSICS ENGINE DEVELOPMENT"
}

